<?xml version="1.0" encoding="UTF-8"?><collection xmlns="http://www.loc.gov/MARC21/slim"><record><leader>00662nam--2200193-i-4500</leader><controlfield tag="001">000048248</controlfield><controlfield tag="002">20161230</controlfield><controlfield tag="005">20161230201046</controlfield><controlfield tag="008">060222s1000------------r-----000-0-eng-d</controlfield><datafield ind1=" " ind2=" " tag="020"><subfield code="a">0905945018</subfield></datafield><datafield ind1=" " ind2=" " tag="040"><subfield code="a">IFIN-HH</subfield></datafield><datafield ind1=" " ind2=" " tag="080"><subfield code="a">539.14(061.3)</subfield></datafield><datafield ind1="1" ind2=" " tag="100"><subfield code="a">Hall, S.J</subfield></datafield><datafield ind1="1" ind2="0" tag="245"><subfield code="a">Nuclear structure physics</subfield><subfield code="b">Proceedings of the eighteenth scottish universities summer school in physics st. andrews, august 1977 a nato advanced study institute</subfield><subfield code="c">S.j. hall, j.m. irvine (eds.)</subfield></datafield><datafield ind1=" " ind2=" " tag="260"><subfield code="a">Edinburg</subfield><subfield code="b">Scottish University Summer School In Physics</subfield><subfield code="c">1978</subfield></datafield><datafield ind1=" " ind2=" " tag="300"><subfield code="a">724P</subfield></datafield><datafield ind1="1" ind2=" " tag="700"><subfield code="a">Irvine, J.M</subfield><subfield code="e">Ed</subfield></datafield><datafield ind1=" " ind2=" " tag="852"><subfield code="a">49269</subfield><subfield code="c">539.14</subfield></datafield><datafield ind1=" " ind2=" " tag="CAT"><subfield code="a">Sys</subfield><subfield code="c">20120403</subfield><subfield code="h">172451</subfield></datafield></record></collection>